
@article{first,
  title={Neural population dynamics during reaching},
  author={Mark M. Churchland1, John P. Cunningham, Matthew T. Kaufman, Justin D. Foster, Paul Nuyujukian, Stephen I. Ryu \& Krishna V. Shenoy},
  volume={487},
  year={2012},
  publisher={Nature}
}

@article{dataset,
  title={Massively parallel recordings in macaque motor cortex during an instructed delayed reach-to-grasp task},
  author={Thomas Brochier1, Lyuba Zehl, Yaoyao Hao, Margaux Duret, Julia Sprenger, Michael Denker, Sonja Gr√ºn \& Alexa Riehle1},
  journal={Proceedings of the National Academy of Sciences of the United States of America},
  year={2018},
  publisher={SCIENTIFIC DATA}
}
@article{third,
  title={Temporal Complexity and Heterogeneity of Single-Neuron Activity in Premotor and Motor Cortex},
  author={Mark M. Churchland and Krishna V. Shenoy,},
  volume={97},
  year={2007},
  publisher={The American Physiological Society}
}

@BOOK{principles,
	TITLE = {Theoretical Neuroscience, Computational and Mathematical Modeling of Neural Systems},
	AUTHOR = {Peter Dayan and L.F. Abbott},
	YEAR = {2001},
	PUBLISHER = {The MIT press},
}